<record><leader>00000cas a2200000 a 4500</leader><controlfield tag="001">30326794</controlfield><controlfield tag="008">940425d19631998iluwr ne      0   a0eng c</controlfield><datafield ind1=" " ind2=" " tag="010"><subfield code="a">sn 94054250 </subfield></datafield><datafield ind1=" " ind2=" " tag="040"><subfield code="a">NVF</subfield><subfield code="b">eng</subfield><subfield code="c">NVF</subfield><subfield code="d">CVF</subfield><subfield code="d">NVF</subfield><subfield code="d">OCLCQ</subfield><subfield code="d">NVF</subfield><subfield code="d">OCLCF</subfield><subfield code="d">OCLCO</subfield><subfield code="d">NVF</subfield></datafield><datafield ind1=" " ind2=" " tag="042"><subfield code="a">pcc</subfield></datafield><datafield ind1=" " ind2=" " tag="043"><subfield code="a">n-us-il</subfield></datafield><datafield ind1="0" ind2=" " tag="130"><subfield code="a">Bugle (Niles, Ill.)</subfield></datafield><datafield ind1="1" ind2="4" tag="245"><subfield code="a">The bugle.</subfield></datafield><datafield ind1=" " ind2=" " tag="260"><subfield code="a">Niles, Ill. :</subfield><subfield code="b">Bugle,</subfield><subfield code="c">1963-1998.</subfield></datafield><datafield ind1=" " ind2=" " tag="300"><subfield code="a">v.</subfield></datafield><datafield ind1=" " ind2=" " tag="310"><subfield code="a">Weekly</subfield></datafield><datafield ind1="0" ind2=" " tag="362"><subfield code="a">Vol. 6, no. 43 (May 2, 1963)-v. 41, no. 28 (Jan. 1, 1998).</subfield></datafield><datafield ind1=" " ind2=" " tag="515"><subfield code="a">Continues the numbering of: Niles bugle.</subfield></datafield><datafield ind1=" " ind2="0" tag="651"><subfield code="a">Niles (Ill.)</subfield><subfield code="v">Newspapers.</subfield></datafield><datafield ind1=" " ind2="7" tag="651"><subfield code="a">Illinois</subfield><subfield code="z">Niles.</subfield><subfield code="2">fast</subfield><subfield code="0">(OCoLC)fst01229201</subfield></datafield><datafield ind1=" " ind2="7" tag="655"><subfield code="a">Newspapers.</subfield><subfield code="2">fast</subfield><subfield code="0">(OCoLC)fst01423814</subfield></datafield><datafield ind1=" " ind2=" " tag="752"><subfield code="a">United States</subfield><subfield code="b">Illinois</subfield><subfield code="c">Cook</subfield><subfield code="d">Niles.</subfield></datafield><datafield ind1="0" ind2="0" tag="780"><subfield code="t">Niles bugle (Niles, Ill. : 1957)</subfield><subfield code="w">(DLC)sn 94054249</subfield><subfield code="w">(OCoLC)30326772</subfield></datafield><datafield ind1="0" ind2="0" tag="785"><subfield code="t">Niles bugle (Niles, Ill. : 1998)</subfield><subfield code="w">(DLC)sn2002060820</subfield><subfield code="w">(OCoLC)49420862</subfield></datafield><datafield ind1="1" ind2=" " tag="029"><subfield code="a">AU@</subfield><subfield code="b">000025877956</subfield></datafield></record>